@article{Rue_martino_2007,
title = {Approximate Bayesian inference for hierarchical Gaussian Markov random field models},
journal = {Journal of Statistical Planning and Inference},
volume = {137},
number = {10},
pages = {3177-3192},
year = {2007},
note = {Special Issue: Bayesian Inference for Stochastic Processes},
issn = {0378-3758},
doi = {https://doi.org/10.1016/j.jspi.2006.07.016},
url = {https://www.sciencedirect.com/science/article/pii/S0378375807000845},
author = {HÃ…vard Rue and Sara Martino},
}